<?xml version="1.0" encoding="UTF-8"?><collection xmlns="http://www.loc.gov/MARC21/slim"><record><leader>00410nam--2200145-i-4500</leader><controlfield tag="001">000006866</controlfield><controlfield tag="002">20161230</controlfield><controlfield tag="005">20170107140120</controlfield><controlfield tag="008">060222s1000------------r-----000-0-eng-d</controlfield><datafield ind1=" " ind2=" " tag="100"><subfield code="a">Cs©Łsz©Łr, ©kos</subfield></datafield><datafield ind1=" " ind2=" " tag="245"><subfield code="a">Grundlagen der allgemeinen topologie. 1. Auflage der deutschen ausgaben</subfield></datafield><datafield ind1=" " ind2=" " tag="260"><subfield code="a">Budapest</subfield><subfield code="b">Akad©♭miai Kiad©đ</subfield><subfield code="c">1963</subfield></datafield><datafield ind1=" " ind2=" " tag="300"><subfield code="a">367 p</subfield></datafield><datafield ind1=" " ind2=" " tag="852"><subfield code="a">99732</subfield><subfield code="c">513.83</subfield></datafield><datafield ind1=" " ind2=" " tag="CAT"><subfield code="a">SYS</subfield><subfield code="c">20170107</subfield><subfield code="h">140120</subfield></datafield></record></collection>